<?xml version="1.0" encoding="UTF-8"?><collection xmlns="http://www.loc.gov/MARC21/slim"><record><leader>00451nam--2200121-i-4500</leader><controlfield tag="001">000004867</controlfield><controlfield tag="002">20161230</controlfield><controlfield tag="005">20170304203748</controlfield><controlfield tag="008">060222s1000------------r-----000-0-eng-d</controlfield><datafield ind1=" " ind2=" " tag="245"><subfield code="a">The design of physics research laboratories a symposium held by the London and Home Counties Branch of the Institute of Physics at the Royal Institution on 27 nov., 1957</subfield></datafield><datafield ind1=" " ind2=" " tag="260"><subfield code="a">London</subfield><subfield code="b">Chapman &amp; Hall Ltd</subfield><subfield code="c">1959</subfield></datafield><datafield ind1=" " ind2=" " tag="300"><subfield code="a">108 p., 77 F</subfield></datafield><datafield ind1=" " ind2=" " tag="CAT"><subfield code="a">SYS</subfield><subfield code="c">20170304</subfield><subfield code="h">203748</subfield></datafield></record></collection>